<?xml version="1.0" encoding="UTF-8"?><collection xmlns="http://www.loc.gov/MARC21/slim"><record><leader>00384nam--2200133-i-4500</leader><controlfield tag="001">000016697</controlfield><controlfield tag="002">20161230</controlfield><controlfield tag="005">20161230201031</controlfield><controlfield tag="008">060222s1000------------r-----000-0-eng-d</controlfield><datafield ind1=" " ind2=" " tag="100"><subfield code="a">Daianu, D.Si Boja, N</subfield></datafield><datafield ind1=" " ind2=" " tag="245"><subfield code="a">Elemente algebrice si topologice de teoria corpurilor</subfield></datafield><datafield ind1=" " ind2=" " tag="260"><subfield code="a">Timisoara, Unversitatea Din Timisoara, 1988</subfield></datafield><datafield ind1=" " ind2=" " tag="490"><subfield code="a">Monografii Matematice</subfield></datafield><datafield ind1=" " ind2=" " tag="852"><subfield code="a">512.55:515.17</subfield></datafield></record></collection>